
###########################Problemática####################################





###########################Antecedentes####################################
@article{wen2020,
  title={Accelerated Discovery of Potential Organic Dyes for Dye-Sensitized Solar Cells by Interpretable Machine Learning Models and Virtual Screening},
  author={Wen, Yaping and Fu, Lulu and Li, Gongqiang and Ma, Jing and Ma, Haibo},
  journal={Solar RRL},
  volume={4},
  number={6},
  pages={2000110},
  year={2020},
  publisher={Wiley Online Library}
}
@article{krishna2020chemometric,
  title={Chemometric modeling of power conversion efficiency of organic dyes in dye sensitized solar cells for the future renewable energy},
  author={Krishna, Jillella Gopala and Ojha, Probir Kumar and Kar, Supratik and Roy, Kunal and Leszczynski, Jerzy},
  journal={Nano Energy},
  volume={70},
  pages={104537},
  year={2020},
  publisher={Elsevier}
}


###########################Justificación######################################

@article{eagar_bringing_1995,
	title = {Bringing new materials to Market},
	volume = {98},
	language = {en},
	number = {2},
	journal = {ABI/INFORM Global},
	author = {Eagar, Thomas W},
	year = {1995},
	pages = {42},
	file = {Eagar - Bringing New Materials to Market.pdf:C\:\\Users\\danjo\\Zotero\\storage\\VK8YLYAQ\\Eagar - Bringing New Materials to Market.pdf:application/pdf},
}
